@Book{Gamma-Helm-Johnson-Vlissides95,
  Key = 	"Gamma-Helm-Johnson-Vlissides",
  Author = 	"Erich Gamma and Richard Helm and Ralph Johnson and
                  John Vlissides",
  Title = 	"Design Patterns: Elements of Reusable Object-Oriented
                  Software",
  Publisher = 	"Addison-Wesley",
  Year = 	1995,
  Address = 	"MA",
  Annote = 	""
}
@Book{Schmidt,
  Key = 	"Schmidt",
  Author = 	"David A. Schmidt",
  Title = 	"The Structure of Typed Programming Languages",
  Publisher = 	"MIT Press",
  Year = 	1994,
  Address = 	"MA",
  Annote = 	""
}
@Unpublished{lclint,
  Key = 	"{LCL}int",
  Author = 	"MIT/LCS",
  Title = 	"{LCL}int Checker, Version 1.4a",
  Note = 	"http://larch-www.lcs.mit.edu:8001/larch/lclint/",
  Annote = 	"",
  Month =	 Jun,
  Year = 	1997
}

@Article{Boehm-Weiser88, Key="Boehm \& Weiser",
Author="Hans J Boehm and Mark Weiser",
Title="Garbage Collection in an Uncooperative Environment",
Journal="Software Practice and Experience",
Volume=18,
Number=9,
Month="Sept",
Year=1988,
Pages="807-820",
Annote=""
}

@manual{Ox,
  Key = 	"Bischoff",
  Author = 	"Kurt Bischoff",
  Title = 	"{Ox}: Users Reference Manual",
  Year = 	1993,
  Address = 	"IA"
}

@Unpublished{LSLChecker,
  Key = 	"LSLChecker",
  Author = 	"MIT/LCS",
  Title = 	"{LSL} Checker, Version 3.1beta3",
  Note = 	"http://larch-www.lcs.mit.edu:8001/larch/lsl.html",
  Annote = 	"Original Version Used.",
  Month =	 Jun,
  Year = 	1997
}

@Unpublished{Leavens96c,
  Key = 	"Leavens",
  Author = 	"Gary T. Leavens",
  Title = 	"{Larch/C++ Reference Manual}",
  URL = "ftp://ftp.cs.iastate.edu/pub/larchc++/lcpp.ps.gz",
  Note = 	"Version 5.6. ftp://ftp.cs.iastate.edu/pub/larchc++/lcpp.ps.gz or http://www.cs.iastate.edu/\verb|~|leavens/larchc++.html",
  Annote = 	"Definitive reference on Larch/C++.  Many references.",
  Month =	 Jun,
  Year = 	1997
}

@manual{C++Apr95,

Key = "C++",
Title = "Working Paper for Draft Proposed International Standard for
                  Information Systems -- Programming Language C++",
Month = Apr,
Year = 1995
}

@Book{Guttag-Horning93,
  Key = 	"Guttag \& Horning",
  Author = 	"John V. Guttag and James J. Horning and S.J. Garland and
		 K.D. Jones and A. Modet and J.M. Wing",
  Title = 	"{Larch}: Languages and Tools for Formal Specification",
  Publisher = 	"Springer-Verlag",
  Year = 	1993,
  Address = 	NY,
  Annote = 	"99 references."
}
@Book{Levine-Mason-Brown92,
  Key = 	"Levine, Mason \& Brown",
  Author = 	"John R. Levine and Tony Mason and Doug Brown",
  Title = 	"lex and yacc",
  Publisher = 	"O'Reilly and Associates, Inc.",
  Year = 	1992,
  Address = 	"CA",
  Annote = 	"99 references."
}

@Book{Watt90,
  Key = 	"Watt",
  Author = 	"David A. Watt",
  Title = 	"Programming Language Concepts and Paradigms",
  Publisher = 	"Prentice Hall",
  Year = 	1990,
  Address = 	NY,
  Annote = 	"99 references."
}


@TechReport{Guttag-Horning-Modet90, Key="Guttag \& Horning \& Modet",
Author="John V. Guttag and James J. Horning and Andr\'{e}s Modet",
Title="Report on the {Larch Shared Language}: Version 2.3",
Institution=DECSRC,
Address="130 Lytton Avenue, Palo Alto, CA 94301",
Month=Apr,
Year=1990,
Number=58,
Note="Order from src-report@src.dec.com",
Annote="19 references."
}

@Article{Cardelli-Wegner85, Key="Cardelli \& Wegner",
Author="Luca Cardelli and Peter Wegner",
Title="On Understanding Types, Data Abstraction and Polymorphism",
Journal=ACMCS,
Volume=17,
Number=4,
Month=Dec,
Year=1985,
Pages="471-522",
Annote="Model of typed, polymorphic programming languages.
	Existential and bounded quantification.  Lambda calculus based model
	of type systems.  The language Fun.  44 references."
}

@Book{Ellis-Stroustrup90, Key="Ellis \& Stroustrup",
Author="Margaret A. Ellis and Bjarne Stroustrup",
Title="The Annotated {C}++ Reference Manual",
Publisher=Addison-Wesley,
Address="Reading, Mass.",
Year=1990,
Annote="Base document for the ANSI Standard.  2 references."
}

@Article{Wing90a, Key="Wing",
Author="Jeannette M. Wing",
Title="A Specifier's Introduction to Formal Methods",
Journal="Computer",
Volume=23,
Number=9,
Month=Sep,
Year=1990,
Pages="8-24",
Annote="Survery with categorized references on formal methods
	and specification languages."
}












